<?xml version="1.0" encoding="UTF-8"?><collection xmlns="http://www.loc.gov/MARC21/slim"><record><leader>00547nam--2200193-i-4500</leader><controlfield tag="001">000029254</controlfield><controlfield tag="002">20161230</controlfield><controlfield tag="005">20161230201037</controlfield><controlfield tag="008">060222s1000------------r-----000-0-eng-d</controlfield><datafield ind1=" " ind2=" " tag="020"><subfield code="a">9971500337</subfield></datafield><datafield ind1=" " ind2=" " tag="040"><subfield code="a">IFIN-HH</subfield></datafield><datafield ind1=" " ind2=" " tag="080"><subfield code="a">539.12.01(061.3)</subfield></datafield><datafield ind1="1" ind2=" " tag="100"><subfield code="a">Clavelli, L</subfield></datafield><datafield ind1="1" ind2="0" tag="245"><subfield code="a">Lewes string theory workshop. lewes, delaware 6-27 july, 1985</subfield><subfield code="c">L. clavelli, a. halprin (eds.)</subfield></datafield><datafield ind1=" " ind2=" " tag="260"><subfield code="a">Singapore</subfield><subfield code="b">World Scientific</subfield><subfield code="c">1986</subfield></datafield><datafield ind1=" " ind2=" " tag="300"><subfield code="a">VII + 302P</subfield></datafield><datafield ind1="1" ind2=" " tag="700"><subfield code="a">Halprin, A</subfield><subfield code="e">Ed</subfield></datafield><datafield ind1=" " ind2=" " tag="852"><subfield code="a">79136</subfield><subfield code="c">539.12</subfield></datafield><datafield ind1=" " ind2=" " tag="CAT"><subfield code="a">Sys</subfield><subfield code="c">20120130</subfield><subfield code="h">163803</subfield></datafield></record></collection>